10400000         2000000002893280000000000000000000075219110741900000000EMPRESA XYZ                   CAIXA ECONOMICA FEDERAL                 11106016210222800000205000000                    REMESSA-PRODUCAO                                 
10400011R0100030 20000000002893281074190000000000000075219110741900000000EMPRESA XYZ                                                                                                   000000021106202300000000                                 
1040001300001P 017521911074190000000000014000000000000003112203              1706201900000000006656900000019N170620193000000000000000000000000000000000000000000000000000000000000000000000000000003                        3001005090000000000 
1040001300002Q 012000000522802177GIOVANNA LIMA                           RUA QWER                                BAIRRO ASDF    68615050CIDADE ZXCV    PR0000000000000000                                                                       
10400015         000004000000000000000000000000000000000000000000000000000000000000000000000                                                                                                                                                    
10499999         000001000006                                                                                                                                                                                                                   