10400000         2000000008031910000000000000000000020515423723900000000EMPRESA XYZ                   CAIXA ECONOMICA FEDERAL                 11106016210213400000105000000                    REMESSA-PRODUCAO                                 
10400011R0100030 20000000008031912372390000000000000020515423723900000000EMPRESA XYZ                                                                                                   000000011106202300000000                                 
1040001300001P 012051542372390000000000014000000000000003112203              1706201900000000006051100000019N270620193000000000000000000000000000000000000000000000000000000000000000000000000000003                        3001005090000000000 
1040001300002Q 012000000195029398OTAVIO OLIVEIRA                         RUA QWER                                BAIRRO ASDF    61325306CIDADE ZXCV    PR0000000000000000                                                                       
10400015         000004000000000000000000000000000000000000000000000000000000000000000000000                                                                                                                                                    
10499999         000001000006                                                                                                                                                                                                                   