10400000         2000000008158400000000000000000000035920973191700000000EMPRESA XYZ                   CAIXA ECONOMICA FEDERAL                 11206016312033100000905000000                    REMESSA-PRODUCAO                                 
10400011R0100030 20000000008158407319170000000000000035920973191700000000EMPRESA XYZ                                                                                                   000000091206202300000000                                 
1040001300001P 013592097319170000000000014000000000000003112203              1706201900000000005559100000019N130620193000000000000000000000000000000000000000000000000000000000000000000000000000003                        3001005090000000000 
1040001300002Q 012000000674848458EDUARDA ARAUJO                          RUA QWER                                BAIRRO ASDF    59403841CIDADE ZXCV    PR0000000000000000                                                                       
10400015         000004000000000000000000000000000000000000000000000000000000000000000000000                                                                                                                                                    
10499999         000001000006                                                                                                                                                                                                                   