10400000         2000000001259320000000000000000000049811128279900000000EMPRESA XYZ                   CAIXA ECONOMICA FEDERAL                 10903012310101000000105000000                    REMESSA-PRODUCAO                                 
10400011R0100030 20000000001259322827990000000000000049811128279900000000EMPRESA XYZ                                                                                                   000000010904202300000000                                 
1040001300001P 014981112827990000000000014000000000000003112203              1903012300000000008489800000019N250501193000000000000000000000000000000000000000000000000000000000000000000000000000003                        3001005090000000000 
1040001300002Q 012000000954619081LUANA MELO                              RUA ASDFG                               BAIRRO ABCD    21601842CIDADE ABCD    PR0000000000000000                                                                       
10400015         000004000000000000000000000000000000000000000000000000000000000000000000000                                                                                                                                                    
10499999         000001000006                                                                                                                                                                                                                   