10400000         2000000004479140000000000000000000018898275921500000000EMPRESA XYZ                   CAIXA ECONOMICA FEDERAL                 11206016312033100000705000000                    REMESSA-PRODUCAO                                 
10400011R0100030 20000000004479147592150000000000000018898275921500000000EMPRESA XYZ                                                                                                   000000071206202300000000                                 
1040001300001P 011889827592150000000000014000000000000003112203              1706201900000000002040600000019N230620193000000000000000000000000000000000000000000000000000000000000000000000000000003                        3001005090000000000 
1040001300002Q 012000000103569067YASMIN BARBOSA                          RUA QWER                                BAIRRO ASDF    97336114CIDADE ZXCV    PR0000000000000000                                                                       
10400015         000004000000000000000000000000000000000000000000000000000000000000000000000                                                                                                                                                    
10499999         000001000006                                                                                                                                                                                                                   