10400000         2000000008486640000000000000000000090421566269200000000EMPRESA XYZ                   CAIXA ECONOMICA FEDERAL                 11106016211503200000105000000                    REMESSA-PRODUCAO                                 
10400011R0100030 20000000008486646626920000000000000090421566269200000000EMPRESA XYZ                                                                                                   000000011106202300000000                                 
1040001300001P 019042156626920000000000014000000000000003112203              1706201900000000006051100000019N270620193000000000000000000000000000000000000000000000000000000000000000000000000000003                        3001005090000000000 
1040001300002Q 012000000268673117OTAVIO OLIVEIRA                         RUA QWER                                BAIRRO ASDF    21516903CIDADE ZXCV    PR0000000000000000                                                                       
10400015         000004000000000000000000000000000000000000000000000000000000000000000000000                                                                                                                                                    
10499999         000001000006                                                                                                                                                                                                                   