10400000         2000000003600540000000000000000000061331847521400000000EMPRESA XYZ                   CAIXA ECONOMICA FEDERAL                 11206016312171400000105000000                    REMESSA-PRODUCAO                                 
10400011R0100030 20000000003600544752140000000000000061331847521400000000EMPRESA XYZ                                                                                                   000000011206202300000000                                 
1040001300001P 016133184752140000000000014000000000000003112203              1706201900000000006051100000019N270620193000000000000000000000000000000000000000000000000000000000000000000000000000003                        3001005090000000000 
1040001300002Q 012000000633618717OTAVIO OLIVEIRA                         RUA QWER                                BAIRRO ASDF    74991973CIDADE ZXCV    PR0000000000000000                                                                       
10400015         000004000000000000000000000000000000000000000000000000000000000000000000000                                                                                                                                                    
10499999         000001000006                                                                                                                                                                                                                   