10400000         2000000005945230000000000000000000088571239845000000000EMPRESA XYZ                   CAIXA ECONOMICA FEDERAL                 11106016209201600000305000000                    REMESSA-PRODUCAO                                 
10400011R0100030 20000000005945233984500000000000000088571239845000000000EMPRESA XYZ                                                                                                   000000031106202300000000                                 
1040001300001P 018857123984500000000000014000000000000003112203              1706201900000000001734500000019N250620193000000000000000000000000000000000000000000000000000000000000000000000000000003                        3001005090000000000 
1040001300002Q 012000000642763760CARLA GOMES                             RUA QWER                                BAIRRO ASDF    25322290CIDADE ZXCV    PR0000000000000000                                                                       
10400015         000004000000000000000000000000000000000000000000000000000000000000000000000                                                                                                                                                    
10499999         000001000006                                                                                                                                                                                                                   