10400000         2000000008714460000000000000000000078065753517500000000EMPRESA XYZ                   CAIXA ECONOMICA FEDERAL                 11206016312033000000305000000                    REMESSA-PRODUCAO                                 
10400011R0100030 20000000008714465351750000000000000078065753517500000000EMPRESA XYZ                                                                                                   000000031206202300000000                                 
1040001300001P 017806575351750000000000014000000000000003112203              1706201900000000001734500000019N250620193000000000000000000000000000000000000000000000000000000000000000000000000000003                        3001005090000000000 
1040001300002Q 012000000987794293CARLA GOMES                             RUA QWER                                BAIRRO ASDF    96848090CIDADE ZXCV    PR0000000000000000                                                                       
10400015         000004000000000000000000000000000000000000000000000000000000000000000000000                                                                                                                                                    
10499999         000001000006                                                                                                                                                                                                                   