10400000         2000000006204160000000000000000000076108137240700000000EMPRESA XYZ                   CAIXA ECONOMICA FEDERAL                 11106016209201600000505000000                    REMESSA-PRODUCAO                                 
10400011R0100030 20000000006204163724070000000000000076108137240700000000EMPRESA XYZ                                                                                                   000000051106202300000000                                 
1040001300001P 017610813724070000000000014000000000000003112203              1706201900000000008489800000019N250620193000000000000000000000000000000000000000000000000000000000000000000000000000003                        3001005090000000000 
1040001300002Q 012000000618004580LUANA MELO                              RUA QWER                                BAIRRO ASDF    65500237CIDADE ZXCV    PR0000000000000000                                                                       
10400015         000004000000000000000000000000000000000000000000000000000000000000000000000                                                                                                                                                    
10499999         000001000006                                                                                                                                                                                                                   