10400000         2000000003289970000000000000000000092016919896700000000EMPRESA XYZ                   CAIXA ECONOMICA FEDERAL                 11106016209201600000405000000                    REMESSA-PRODUCAO                                 
10400011R0100030 20000000003289971989670000000000000092016919896700000000EMPRESA XYZ                                                                                                   000000041106202300000000                                 
1040001300001P 019201691989670000000000014000000000000003112203              1706201900000000005487900000019N120620193000000000000000000000000000000000000000000000000000000000000000000000000000003                        3001005090000000000 
1040001300002Q 012000000817482267LUAN AZEVEDO                            RUA QWER                                BAIRRO ASDF    33352013CIDADE ZXCV    PR0000000000000000                                                                       
10400015         000004000000000000000000000000000000000000000000000000000000000000000000000                                                                                                                                                    
10499999         000001000006                                                                                                                                                                                                                   