10400000         2000000008946090000000000000000000023639674345300000000EMPRESA XYZ                   CAIXA ECONOMICA FEDERAL                 11206016312033100000505000000                    REMESSA-PRODUCAO                                 
10400011R0100030 20000000008946097434530000000000000023639674345300000000EMPRESA XYZ                                                                                                   000000051206202300000000                                 
1040001300001P 012363967434530000000000014000000000000003112203              1706201900000000008489800000019N250620193000000000000000000000000000000000000000000000000000000000000000000000000000003                        3001005090000000000 
1040001300002Q 012000000793940470LUANA MELO                              RUA QWER                                BAIRRO ASDF    90501937CIDADE ZXCV    PR0000000000000000                                                                       
10400015         000004000000000000000000000000000000000000000000000000000000000000000000000                                                                                                                                                    
10499999         000001000006                                                                                                                                                                                                                   