10400000         2000000009170220000000000000000000029001863046700000000EMPRESA XYZ                   CAIXA ECONOMICA FEDERAL                 10903012310101000000105000000                    REMESSA-PRODUCAO                                 
10400011R0100030 20000000009170226304670000000000000029001863046700000000EMPRESA XYZ                                                                                                   000000010904202300000000                                 
1040001300001P 012900186304670000000000014000000000000003112203              1903012300000000006656900000019N170501193000000000000000000000000000000000000000000000000000000000000000000000000000003                        3001005090000000000 
1040001300002Q 012000000394416010GIOVANNA LIMA                           RUA ASDFG                               BAIRRO ABCD    59168098CIDADE ABCD    PR0000000000000000                                                                       
10400015         000004000000000000000000000000000000000000000000000000000000000000000000000                                                                                                                                                    
10499999         000001000006                                                                                                                                                                                                                   